@article{beguy2015health,
  title={Health \& demographic surveillance system profile: the Nairobi urban health and demographic surveillance system (NUHDSS)},
  author={Beguy, Donatien and Elungâ€™ata, Patricia and Mberu, Blessing and Oduor, Clement and Wamukoya, Marylene and Nganyi, Bonface and Ezeh, Alex},
  journal={International journal of epidemiology},
  volume={44},
  number={2},
  pages={462--471},
  year={2015},
  publisher={Oxford University Press}
}

@article{pierce2017basic,
  title={Why is basic service access worse in slums? A synthesis of obstacles},
  author={Pierce, Gregory},
  journal={Development in Practice},
  volume={27},
  number={3},
  pages={288--300},
  year={2017},
  publisher={Taylor \& Francis}
}

@article{dassimultaneous,
  title={SIMULTANEOUS MODELING OF MULTIPLE BINARY OUTCOMES: A REPEATED MEASURES APPROACH},
  author={Das, Abhik and Poole, W Kenneth and Bada, Henrietta S},
  publisher={Citeseer}
}

@article{fang2018joint,
  title={Joint modeling of correlated binary outcomes: The case of contraceptive use and HIV knowledge in Bangladesh},
  author={Fang, Di and Sun, Renyuan and Wilson, Jeffrey R},
  journal={PloS one},
  volume={13},
  number={1},
  pages={e0190917},
  year={2018},
  publisher={Public Library of Science San Francisco, CA USA}
}

@article{ivanova2016mixed,
  title={Mixed models approaches for joint modeling of different types of responses},
  author={Ivanova, Anna and Molenberghs, Geert and Verbeke, Geert},
  journal={Journal of Biopharmaceutical Statistics},
  volume={26},
  number={4},
  pages={601--618},
  year={2016},
  publisher={Taylor \& Francis}
}

@article{miro2004bayesian,
  title={A Bayesian approach for multiple response surface optimization in the presence of noise variables},
  author={Miro-Quesada, Guillermo and Del Castillo, Enrique and Peterson, John J},
  journal={Journal of applied statistics},
  volume={31},
  number={3},
  pages={251--270},
  year={2004},
  publisher={Taylor \& Francis}
}


@article {lalonde2019disc,
	Title = {Discovering structure in multiple outcomes models for tests of childhood neurodevelopment},
	Author = {LaLonde, Amy and Love, Tanzy and Thurston, Sally W and Davidson, Philip W},
	DOI = {10.1111/biom.13174},
	Month = {November},
	Year = {2019},
	Journal = {Biometrics},
	ISSN = {0006-341X},
	URL = {https://doi.org/10.1111/biom.13174},
}

@article{journal.pone.0151645,
    author = {Yu, Weiyu AND Wardrop, Nicola A. AND Bain, Robert E. S. AND Lin, Yanzhao AND Zhang, Ce AND Wright, Jim A.},
    journal = {PLOS ONE},
    publisher = {Public Library of Science},
    title = {A Global Perspective on Drinking-Water and Sanitation Classification: An Evaluation of Census Content},
    year = {2016},
    month = {03},
    volume = {11},
    url = {https://doi.org/10.1371/journal.pone.0151645},
    pages = {1-17},
    number = {3},
    doi = {10.1371/journal.pone.0151645}
}

@article{chikozho2019leaving,
  title={Leaving no one behind? Analysis of trends in access to water and sanitation services in the slum areas of Nairobi, 2003--2015},
  author={Chikozho, Claudious and Kadengye, Damazo T and Wamukoya, Marylene and Orindi, Benedict O},
  journal={Journal of Water, Sanitation and Hygiene for Development},
  volume={9},
  number={3},
  pages={549--558},
  year={2019},
  publisher={IWA Publishing}
}

@misc{bzdok2018points,
  title={Points of significance: statistics versus machine learning},
  author={Bzdok, Danilo and Altman, Naomi and Krzywinski, Martin},
  year={2018},
  publisher={Nature Publishing Group}
}
